@article{IPTC,
author = {IPTC},
abstract = {IPTC Photo Metadata provides data about photographs and the values can be processed by software. Each individual metadata entity is called a property and they are grouped into Administrative, Descriptive and Rights Related Related properties.},
mendeley-groups = {Praktikumsarbeit},
pages = {1--55},
title = {{IPTC Photo Metadata Standard}},
url = {http://www.iptc.org/std/photometadata/specification/IPTC-PhotoMetadata},
year = {2014}
}